%% This BibTeX bibliography file was created using BibDesk.
%% http://bibdesk.sourceforge.net/


%% Created for Alastair Mailer at 2012-06-11 12:23:20 +0100 


%% Saved with string encoding Unicode (UTF-8) 



@article{Meyer2000,
	Author = {Bernd Meyer},
	Date-Added = {2012-06-11 12:17:42 +0100},
	Date-Modified = {2012-06-11 12:17:42 +0100},
	Issue = {4},
	Journal = {Applied Artificial Intelligence},
	Pages = {327--344},
	Title = {A constraint-based framework for diagrammatic reasoning},
	Volume = {14},
	Year = 2000}

@article{Codishetal2000,
	Author = {M. Codish and K. Marriott and C.K. Taboch},
	Date-Added = {2012-06-11 12:17:42 +0100},
	Date-Modified = {2012-06-11 12:17:42 +0100},
	Issue = {3},
	Journal = {Journal of Logic Programming},
	Pages = {251--263},
	Title = {Improving program analyses by structure untupling},
	Volume = {43},
	Year = 2000}

@inproceedings{Huetal2000,
	Address = {FL, USA},
	Author = {J. Hu and H.R. Wu and A. Jennings and X. Wang},
	Booktitle = {Proceedings of the World Multiconference on Systemics, Cybernetics and Informatics, (SCI 2000), Florida, USA, 23-26 July 2000},
	Date-Added = {2012-06-11 12:17:42 +0100},
	Date-Modified = {2012-06-11 12:23:20 +0100},
	Pages = {398--403},
	Publisher = {International Institute of Informatics and Systemics},
	Title = {Fast and robust equalization: A case study},
	Year = {2000}}

@book{Conway2000,
	Address = {Connecticut, USA},
	Author = {Damian Conway},
	Date-Added = {2012-06-11 12:17:42 +0100},
	Date-Modified = {2012-06-11 12:17:42 +0100},
	Publisher = {Manning Publications Co.},
	Title = {Object {O}riented {P}erl: {A} comprehensive guide to concepts and programming techniques},
	Year = {2000}}
