@BOOK{Smith:2012qr,
	title = {{B}ook {T}itle},
	publisher = {Publisher},
	author = {Smith, J.~M. and Jones, A.~B.},
	year = {2012},
	edition = {7th},
}

@ARTICLE{Smith:2013jd,
	author = {Jones, A.~B. and Smith, J.~M.},
	title = {{A}rticle {T}itle},
	journal = {Journal title},
	year = {2013},
	volume = {13},
	pages = {123-456},
	number = {52},
	month = {March},
	publisher = {Publisher}
}

@ARTICLE{kmclib,
   author = {{Leetmaa}, M. and {Skorodumova}, N.~V.},
    title = "{KMCLib: A general framework for lattice kinetic Monte Carlo (KMC) simulations}",
  journal = {Computer Physics Communications},
archivePrefix = "arXiv",
   eprint = {1405.1221},
 primaryClass = "physics.comp-ph",
     year = 2014,
    month = sep,
   volume = 185,
    pages = {2340-2349},
      doi = {10.1016/j.cpc.2014.04.017},
   adsurl = {http://adsabs.harvard.edu/abs/2014CoPhC.185.2340L},
  adsnote = {Provided by the SAO/NASA Astrophysics Data System}
}
