%% This BibTeX bibliography file was created using BibDesk.
%% http://bibdesk.sourceforge.net/


%% Created for Alastair Mailer at 2012-06-11 12:23:20 +0100 


%% Saved with string encoding Unicode (UTF-8) 

@misc{landauLifshitzStatmech,
  title={Statistical physics, part I},
  author={Landau, Lev Davidovich and Lifshitz, Evgenii M and Pitaevskii, LP},
  year={1980},
  publisher={pergamon, Oxford}
}
